<record><leader>00000cas a2200000M  4500</leader><controlfield tag="001">988436593</controlfield><controlfield tag="008">760129d18571976nyuwr pe      0   a0eng d</controlfield><datafield ind1=" " ind2=" " tag="010"><subfield code="a">   12032976 </subfield><subfield code="z">sn 88084069 </subfield><subfield code="z">sn 97067081 </subfield></datafield><datafield ind1=" " ind2=" " tag="040"><subfield code="a">MOR</subfield><subfield code="b">eng</subfield><subfield code="c">MOR</subfield><subfield code="d">TOH</subfield><subfield code="d">OCLCF</subfield><subfield code="d">OCLCO</subfield></datafield><datafield ind1=" " ind2=" " tag="019"><subfield code="a">317193367</subfield></datafield><datafield ind1=" " ind2=" " tag="022"><subfield code="a">0360-2397</subfield><subfield code="z">0438-6221</subfield></datafield><datafield ind1=" " ind2=" " tag="043"><subfield code="a">n-us---</subfield></datafield><datafield ind1="1" ind2="4" tag="050"><subfield code="a">M</subfield></datafield><datafield ind1=" " ind2="0" tag="222"><subfield code="a">Harper's weekly</subfield></datafield><datafield ind1="0" ind2="0" tag="245"><subfield code="a">Harper's weekly. :</subfield><subfield code="b">Journal of civilization.</subfield></datafield><datafield ind1=" " ind2=" " tag="260"><subfield code="a">[New York :</subfield><subfield code="b">Harper's Magazine Co., etc.]</subfield></datafield><datafield ind1=" " ind2=" " tag="300"><subfield code="a">65 v.</subfield><subfield code="b">ill.</subfield><subfield code="c">34-41 cm.</subfield></datafield><datafield ind1=" " ind2=" " tag="310"><subfield code="a">Weekly,</subfield><subfield code="b">-Sept. 6, 1976</subfield></datafield><datafield ind1=" " ind2=" " tag="321"><subfield code="a">Weekly,</subfield><subfield code="b">1857-May 13, 1916</subfield></datafield><datafield ind1=" " ind2=" " tag="321"><subfield code="a">Biweekly,</subfield><subfield code="b">Nov. 24, 1975-July 26, 1976</subfield></datafield><datafield ind1=" " ind2=" " tag="336"><subfield code="a">text</subfield><subfield code="b">txt</subfield><subfield code="2">rdacontent</subfield></datafield><datafield ind1=" " ind2=" " tag="337"><subfield code="a">unmediated</subfield><subfield code="b">n</subfield><subfield code="2">rdamedia</subfield></datafield><datafield ind1=" " ind2=" " tag="338"><subfield code="a">volume</subfield><subfield code="b">nc</subfield><subfield code="2">rdacarrier</subfield></datafield><datafield ind1="0" ind2=" " tag="362"><subfield code="a">v. 1-65 (no. 1-3169); Jan. 3, 1857-Sept. 6, 1976.</subfield></datafield><datafield ind1=" " ind2=" " tag="500"><subfield code="a">"A journal of civilization."</subfield></datafield><datafield ind1=" " ind2=" " tag="500"><subfield code="a">Editors: 1857?-63, J. Bonner.--1863-92, G.W. Curtis (managing editors: 1863-69, H.M. Alden; 1869-85, S.S. Conant; later M. Schuyler, J. Foord, R.H. Davis).--1892-93? C. Schurz.--1894-98, H.L. Nelson.--1899-1901, J.K. Bangs.--1901-13, G.B.M. Harvey.--1913-16, N. Hapgood.</subfield></datafield><datafield ind1=" " ind2=" " tag="580"><subfield code="a">Merged into the Independent, May 1916; resumed publication Nov. 15, 1974.</subfield></datafield><datafield ind1=" " ind2="0" tag="651"><subfield code="a">United States</subfield><subfield code="x">Social life and customs</subfield><subfield code="v">Periodicals.</subfield></datafield><datafield ind1=" " ind2="7" tag="650"><subfield code="a">American periodicals.</subfield><subfield code="2">fast</subfield><subfield code="0">(OCoLC)fst00807335</subfield></datafield><datafield ind1=" " ind2="7" tag="650"><subfield code="a">Social conditions</subfield><subfield code="2">fast</subfield><subfield code="0">(OCoLC)fst01919811</subfield></datafield><datafield ind1=" " ind2="7" tag="651"><subfield code="a">United States.</subfield><subfield code="2">fast</subfield><subfield code="0">(OCoLC)fst01204155</subfield></datafield><datafield ind1=" " ind2="7" tag="648"><subfield code="a">1960-1980</subfield><subfield code="2">fast</subfield></datafield><datafield ind1=" " ind2="7" tag="655"><subfield code="a">Periodicals.</subfield><subfield code="2">fast</subfield><subfield code="0">(OCoLC)fst01411641</subfield></datafield><datafield ind1="1" ind2=" " tag="700"><subfield code="a">Bonner, John,</subfield><subfield code="d">1828-1899.</subfield></datafield><datafield ind1="1" ind2=" " tag="700"><subfield code="a">Curtis, George William,</subfield><subfield code="d">1824-1892.</subfield></datafield><datafield ind1="1" ind2=" " tag="700"><subfield code="a">Alden, Henry Mills,</subfield><subfield code="d">1836-1919.</subfield></datafield><datafield ind1="1" ind2=" " tag="700"><subfield code="a">Conant, Samuel Stillman,</subfield><subfield code="d">1831-1885.</subfield></datafield><datafield ind1="1" ind2=" " tag="700"><subfield code="a">Schuyler, Montgomery,</subfield><subfield code="d">1843-1914.</subfield></datafield><datafield ind1="1" ind2=" " tag="700"><subfield code="a">Foord, John,</subfield><subfield code="d">1842-1922.</subfield></datafield><datafield ind1="1" ind2=" " tag="700"><subfield code="a">Davis, Richard Harding,</subfield><subfield code="d">1864-1916.</subfield></datafield><datafield ind1="1" ind2=" " tag="700"><subfield code="a">Schurz, Carl,</subfield><subfield code="d">1829-1906.</subfield></datafield><datafield ind1="1" ind2=" " tag="700"><subfield code="a">Nelson, Henry Loomis,</subfield><subfield code="d">1846-1908.</subfield></datafield><datafield ind1="1" ind2=" " tag="700"><subfield code="a">Bangs, John Kendrick,</subfield><subfield code="d">1862-1922.</subfield></datafield><datafield ind1="1" ind2=" " tag="700"><subfield code="a">Harvey, George Brinton McClellan,</subfield><subfield code="d">1864-1928.</subfield></datafield><datafield ind1="1" ind2=" " tag="700"><subfield code="a">Hapgood, Norman,</subfield><subfield code="d">1868-1937.</subfield></datafield></record>